[gd_scene load_steps=9 format=1]

[ext_resource path="res://Interface.gd" type="Script" id=1]
[ext_resource path="res://btnBlue.png" type="Texture" id=2]
[ext_resource path="res://btnBluePressed.png" type="Texture" id=3]
[ext_resource path="res://btnRed.png" type="Texture" id=4]
[ext_resource path="res://btnRedPressed.png" type="Texture" id=5]
[ext_resource path="res://CourierPrime.fnt" type="BitmapFont" id=6]
[ext_resource path="res://btnStart.png" type="Texture" id=7]
[ext_resource path="res://btnStartPressed.png" type="Texture" id=8]

[node name="Interface" type="CanvasLayer"]

layer = 1
offset = Vector2( 0, 0 )
rotation = 0.0
scale = Vector2( 1, 1 )
script/script = ExtResource( 1 )

[node name="btnBlue" type="TextureButton" parent="."]

focus/ignore_mouse = false
focus/stop_mouse = true
size_flags/horizontal = 2
size_flags/vertical = 2
margin/left = 23.0
margin/top = 355.0
margin/right = 132.0
margin/bottom = 463.0
toggle_mode = false
enabled_focus_mode = 2
shortcut = null
textures/normal = ExtResource( 2 )
textures/pressed = ExtResource( 3 )

[node name="btnRed" type="TextureButton" parent="."]

focus/ignore_mouse = false
focus/stop_mouse = true
size_flags/horizontal = 2
size_flags/vertical = 2
margin/left = 677.0
margin/top = 352.0
margin/right = 784.0
margin/bottom = 459.0
toggle_mode = false
enabled_focus_mode = 2
shortcut = null
textures/normal = ExtResource( 4 )
textures/pressed = ExtResource( 5 )

[node name="score" type="Label" parent="."]

focus/ignore_mouse = true
focus/stop_mouse = true
size_flags/horizontal = 2
size_flags/vertical = 0
margin/left = 658.0
margin/top = 16.0
margin/right = 707.0
margin/bottom = 30.0
text = "SCORE: "
percent_visible = 1.0
lines_skipped = 0
max_lines_visible = -1

[node name="score_points" type="Label" parent="."]

focus/ignore_mouse = true
focus/stop_mouse = true
size_flags/horizontal = 2
size_flags/vertical = 0
margin/left = 718.0
margin/top = 16.0
margin/right = 758.0
margin/bottom = 30.0
text = "00:00"
percent_visible = 1.0
lines_skipped = 0
max_lines_visible = -1

[node name="game_over" type="Label" parent="."]

visibility/visible = false
focus/ignore_mouse = true
focus/stop_mouse = true
size_flags/horizontal = 2
size_flags/vertical = 0
margin/left = 288.0
margin/top = 59.0
margin/right = 513.0
margin/bottom = 97.0
custom_fonts/font = ExtResource( 6 )
text = "Game Over"
percent_visible = 1.0
lines_skipped = 0
max_lines_visible = -1

[node name="high_score" type="Label" parent="."]

visibility/visible = false
focus/ignore_mouse = true
focus/stop_mouse = true
size_flags/horizontal = 2
size_flags/vertical = 0
margin/left = 199.0
margin/top = 136.0
margin/right = 599.0
margin/bottom = 256.0
custom_fonts/font = ExtResource( 6 )
text = "Congratulations!\n\nNew High Score"
align = 1
percent_visible = 1.0
lines_skipped = 0
max_lines_visible = -1

[node name="start" type="TextureButton" parent="."]

visibility/visible = false
focus/ignore_mouse = false
focus/stop_mouse = true
size_flags/horizontal = 2
size_flags/vertical = 2
margin/left = 306.0
margin/top = 325.0
margin/right = 497.0
margin/bottom = 394.0
toggle_mode = false
enabled_focus_mode = 2
shortcut = null
textures/normal = ExtResource( 7 )
textures/pressed = ExtResource( 8 )

[node name="up" type="Label" parent="."]

focus/ignore_mouse = true
focus/stop_mouse = true
size_flags/horizontal = 2
size_flags/vertical = 0
margin/left = 50.0
margin/top = 388.0
margin/right = 100.0
margin/bottom = 426.0
custom_fonts/font = ExtResource( 6 )
text = "Up"
percent_visible = 1.0
lines_skipped = 0
max_lines_visible = -1

[node name="space" type="Label" parent="."]

rect/scale = Vector2( 0.75, 1 )
focus/ignore_mouse = true
focus/stop_mouse = true
size_flags/horizontal = 2
size_flags/vertical = 0
margin/left = 681.0
margin/top = 388.0
margin/right = 806.0
margin/bottom = 426.0
custom_fonts/font = ExtResource( 6 )
text = "SPACE"
percent_visible = 1.0
lines_skipped = 0
max_lines_visible = -1

[connection signal="pressed" from="btnBlue" to="." method="_on_btnBlue_pressed"]

[connection signal="pressed" from="btnRed" to="." method="_on_btnRed_pressed"]

[connection signal="pressed" from="start" to="." method="_on_start_pressed"]


